<record><leader>00000cas a22000007a 4500</leader><controlfield tag="001">20660841</controlfield><controlfield tag="008">891116d188219uumdudr ne      0    0ger d</controlfield><datafield ind1=" " ind2=" " tag="010"><subfield code="a">sn 89060333 </subfield></datafield><datafield ind1=" " ind2=" " tag="040"><subfield code="a">MFN</subfield><subfield code="b">eng</subfield><subfield code="c">MFN</subfield><subfield code="d">OCL</subfield><subfield code="d">OCLCQ</subfield><subfield code="d">OCLCF</subfield><subfield code="d">OCLCO</subfield><subfield code="d">OCLCQ</subfield></datafield><datafield ind1=" " ind2=" " tag="019"><subfield code="a">20652699</subfield><subfield code="a">20652746</subfield></datafield><datafield ind1="0" ind2=" " tag="041"><subfield code="a">ger</subfield><subfield code="a">eng</subfield></datafield><datafield ind1=" " ind2=" " tag="042"><subfield code="a">msc</subfield></datafield><datafield ind1=" " ind2=" " tag="043"><subfield code="a">n-us-md</subfield></datafield><datafield ind1="0" ind2=" " tag="130"><subfield code="a">Baltimore Journal (Baltimore, Md. : 1882)</subfield></datafield><datafield ind1="1" ind2="0" tag="245"><subfield code="a">Baltimore Journal.</subfield></datafield><datafield ind1="3" ind2="0" tag="246"><subfield code="a">Sonntags-Post</subfield></datafield><datafield ind1="3" ind2="0" tag="246"><subfield code="a">Sonntags-Journal</subfield></datafield><datafield ind1=" " ind2=" " tag="260"><subfield code="a">Baltimore, Md :</subfield><subfield code="b">Baltimore Journal Pub. Co.</subfield></datafield><datafield ind1=" " ind2=" " tag="300"><subfield code="a">volumes</subfield></datafield><datafield ind1=" " ind2=" " tag="310"><subfield code="a">Daily,</subfield><subfield code="b">&lt;May 15, 1887-</subfield></datafield><datafield ind1=" " ind2=" " tag="321"><subfield code="a">Daily (except Sun.),</subfield><subfield code="b">1882?-1885?</subfield></datafield><datafield ind1=" " ind2=" " tag="336"><subfield code="a">text</subfield><subfield code="b">txt</subfield><subfield code="2">rdacontent</subfield></datafield><datafield ind1=" " ind2=" " tag="337"><subfield code="a">unmediated</subfield><subfield code="b">n</subfield><subfield code="2">rdamedia</subfield></datafield><datafield ind1=" " ind2=" " tag="338"><subfield code="a">volume</subfield><subfield code="b">nc</subfield><subfield code="2">rdacarrier</subfield></datafield><datafield ind1="1" ind2=" " tag="362"><subfield code="a">Began in 1882?</subfield></datafield><datafield ind1=" " ind2=" " tag="500"><subfield code="a">On Sundays published as: Die Sonntags-Post, &lt;May 15, 1887&gt;-July 27, 1913, and as: Das Sonntags-Journal, Aug. 3, 1913-&lt;Nov. 16, 1913&gt;.</subfield></datafield><datafield ind1=" " ind2=" " tag="515"><subfield code="a">Daily issues (Mon.-Sat.) suspended June 18-Dec. 18, 1913.</subfield></datafield><datafield ind1=" " ind2=" " tag="515"><subfield code="a">Sunday issues have own numbering system.</subfield></datafield><datafield ind1=" " ind2=" " tag="546"><subfield code="a">In German &lt;Apr. 13, 1887&gt;-June 17, 1913. In English Dec. 19, 1913-</subfield></datafield><datafield ind1=" " ind2=" " tag="588"><subfield code="a">Description based on: Jahrg. 6, Nr. 88 (13. Apr. 1887).</subfield></datafield><datafield ind1=" " ind2="0" tag="650"><subfield code="a">Germans</subfield><subfield code="z">Maryland</subfield><subfield code="v">Newspapers.</subfield></datafield><datafield ind1=" " ind2="7" tag="650"><subfield code="a">Germans.</subfield><subfield code="2">fast</subfield><subfield code="0">(OCoLC)fst00942100</subfield></datafield><datafield ind1=" " ind2="7" tag="651"><subfield code="a">Maryland.</subfield><subfield code="2">fast</subfield><subfield code="0">(OCoLC)fst01204739</subfield></datafield><datafield ind1=" " ind2="7" tag="655"><subfield code="a">Newspapers.</subfield><subfield code="2">fast</subfield><subfield code="0">(OCoLC)fst01423814</subfield></datafield><datafield ind1=" " ind2=" " tag="752"><subfield code="a">United States</subfield><subfield code="b">Maryland</subfield><subfield code="d">Baltimore.</subfield></datafield><datafield ind1="1" ind2=" " tag="029"><subfield code="a">AU@</subfield><subfield code="b">000025848439</subfield></datafield></record>